@article{iot,
  doi = {10.1007/s11277-016-3398-2},
  year = {2016},
  month = jun,
  publisher = {Springer Science and Business Media {LLC}},
  volume = {91},
  number = {4},
  pages = {1765--1777},
  author = {Hyun Cheon Hwang and JiSu Park and Jin Gon Shon},
  title = {Design and Implementation of a Reliable Message Transmission System Based on {MQTT} Protocol in {IoT}},
  journal = {Wireless Personal Communications}
}

@article{mqtt,
  doi = {10.1016/j.ifacol.2016.07.169},
  year = {2016},
  publisher = {Elsevier {BV}},
  volume = {49},
  number = {6},
  pages = {150--155},
  author = {Miguel A. Prada and Perfecto Reguera and Seraf{\'{\i}}n Alonso and Antonio Mor{\'{a}}n and Juan J. Fuertes and Manuel Dom{\'{\i}}nguez},
  title = {Communication with resource-constrained devices through {MQTT} for control education},
  journal = {{IFAC}-{PapersOnLine}}
}

@www{oasis,
 author = {{O. Open}},
 title = {Oasis Open - Overview},
 url = {https://www.oasis-open.org/committees/tc_home.php?wg_abbrev=mqtt},
 keywords = {pic},
 urldate = {2021-07-29}
}